@article{historyqcd,
      authors       = " H. Fritzsch",
      title         = "{The history of QCD}",
      journal       = "CERN Courier",
      number        = "8",
      volume        = "52",
      pages         = "21-25",
      month         = "{Oct}",
      year          = "2012",
      url           = "https://cds.cern.ch/record/1734855",
}
@article{gellmann,
    author = "Gell-Mann, Murray",
    title = "{The Eightfold Way: A Theory of strong interaction symmetry}",
    doi = "10.2172/4008239",
    month = "3",
    year = "1961"
}
@article{partons,
  title = "{Very High-Energy Collisions of Hadrons}",
  author = {Feynman, Richard P.},
  journal = {Phys. Rev. Lett.},
  volume = {23},
  issue = {24},
  pages = {1415-1417},
  numpages = {0},
  year = {1969},
  month = "{Dec}",
  publisher = {American Physical Society},
  doi = {10.1103/PhysRevLett.23.1415},
  url = {https://link.aps.org/doi/10.1103/PhysRevLett.23.1415}
}
@article{bjorkenimf,
  title = "{Asymptotic Sum Rules at Infinite Momentum}",
  author = {Bjorken, J. D.},
  journal = {Phys. Rev.},
  volume = {179},
  issue = {5},
  pages = {1547-1553},
  numpages = {0},
  year = {1969},
  month = "{Mar}",
  publisher = {American Physical Society},
  doi = {10.1103/PhysRev.179.1547},
  url = {https://link.aps.org/doi/10.1103/PhysRev.179.1547}
}
@article{yangmills,
  title = "{Conservation of Isotopic Spin and Isotopic Gauge Invariance}",
  author = {Yang, C. N. and Mills, R. L.},
  journal = {Phys. Rev.},
  volume = {96},
  issue = {1},
  pages = {191-195},
  numpages = {0},
  year = {1954},
  month = "{Oct}",
  publisher = {American Physical Society},
  doi = {10.1103/PhysRev.96.191},
  url = {https://link.aps.org/doi/10.1103/PhysRev.96.191}
}
@misc{torre,
  author        = {Torre, C.},
  title         = "{Introduction to Classical Field Theory}",
  year          = {2016},
  publisher={Department of Physics, Utah State University},
  url = {https://digitalcommons.usu.edu/lib_mono/3/}
}
@misc{gelisqft,
  author        = {Gelis, F.},
  title         = "{Quantum Field Theory II}",
  year          = "{2017-2018}",
  publisher={Master HEP, Ecole Polytechnique},
  url = {https://www.ipht.fr/Pisp/francois.gelis/Teaching/index.php}
}
@misc{eichmann,
  author        = {Eichmann, G.},
  title         = "{Introduction to hadron physics}",
  year          = "{2014-2015}",
  publisher={University of Giessen},
  url = {http://cftp.ist.utl.pt/~gernot.eichmann/ws2014}
}
@article{pdg,
  title = "{Review of Particle Physics}",
  author = {Tanabashi, M. and Hagiwara, K. and Hikasa, K. and Nakamura, K. and Sumino, Y. and Takahashi, F. and Tanaka, J. and Agashe, K. and Aielli, G. and Amsler, C. and Antonelli, M. and Asner, D. M. and Baer, H. and Banerjee, Sw. and Barnett, R. M. and Basaglia, T. and Bauer, C. W. and Beatty, J. J. and Belousov, V. I. and Beringer, J. and Bethke, S. and Bettini, A. and Bichsel, H. and Biebel, O. and Black, K. M. and Blucher, E. and Buchmuller, O. and Burkert, V. and Bychkov, M. A. and Cahn, R. N. and Carena, M. and Ceccucci, A. and Cerri, A. and Chakraborty, D. and Chen, M.-C. and Chivukula, R. S. and Cowan, G. and Dahl, O. and D'Ambrosio, G. and Damour, T. and de Florian, D. and de Gouv\^ea, A. and DeGrand, T. and de Jong, P. and Dissertori, G. and Dobrescu, B. A. and D'Onofrio, M. and Doser, M. and Drees, M. and Dreiner, H. K. and Dwyer, D. A. and Eerola, P. and Eidelman, S. and Ellis, J. and Erler, J. and Ezhela, V. V. and Fetscher, W. and Fields, B. D. and Firestone, R. and Foster, B. and Freitas, A. and Gallagher, H. and Garren, L. and Gerber, H.-J. and Gerbier, G. and Gershon, T. and Gershtein, Y. and Gherghetta, T. and Godizov, A. A. and Goodman, M. and Grab, C. and Gritsan, A. V. and Grojean, C. and Groom, D. E. and Gr\"unewald, M. and Gurtu, A. and Gutsche, T. and Haber, H. E. and Hanhart, C. and Hashimoto, S. and Hayato, Y. and Hayes, K. G. and Hebecker, A. and Heinemeyer, S. and Heltsley, B. and Hern\'andez-Rey, J. J. and Hisano, J. and H\"ocker, A. and Holder, J. and Holtkamp, A. and Hyodo, T. and Irwin, K. D. and Johnson, K. F. and Kado, M. and Karliner, M. and Katz, U. F. and Klein, S. R. and Klempt, E. and Kowalewski, R. V. and Krauss, F. and Kreps, M. and Krusche, B. and Kuyanov, Yu. V. and Kwon, Y. and Lahav, O. and Laiho, J. and Lesgourgues, J. and Liddle, A. and Ligeti, Z. and Lin, C.-J. and Lippmann, C. and Liss, T. M. and Littenberg, L. and Lugovsky, K. S. and Lugovsky, S. B. and Lusiani, A. and Makida, Y. and Maltoni, F. and Mannel, T. and Manohar, A. V. and Marciano, W. J. and Martin, A. D. and Masoni, A. and Matthews, J. and Mei\ss{}ner, U.-G. and Milstead, D. and Mitchell, R. E. and M\"onig, K. and Molaro, P. and Moortgat, F. and Moskovic, M. and Murayama, H. and Narain, M. and Nason, P. and Navas, S. and Neubert, M. and Nevski, P. and Nir, Y. and Olive, K. A. and Pagan Griso, S. and Parsons, J. and Patrignani, C. and Peacock, J. A. and Pennington, M. and Petcov, S. T. and Petrov, V. A. and Pianori, E. and Piepke, A. and Pomarol, A. and Quadt, A. and Rademacker, J. and Raffelt, G. and Ratcliff, B. N. and Richardson, P. and Ringwald, A. and Roesler, S. and Rolli, S. and Romaniouk, A. and Rosenberg, L. J. and Rosner, J. L. and Rybka, G. and Ryutin, R. A. and Sachrajda, C. T. and Sakai, Y. and Salam, G. P. and Sarkar, S. and Sauli, F. and Schneider, O. and Scholberg, K. and Schwartz, A. J. and Scott, D. and Sharma, V. and Sharpe, S. R. and Shutt, T. and Silari, M. and Sj\"ostrand, T. and Skands, P. and Skwarnicki, T. and Smith, J. G. and Smoot, G. F. and Spanier, S. and Spieler, H. and Spiering, C. and Stahl, A. and Stone, S. L. and Sumiyoshi, T. and Syphers, M. J. and Terashi, K. and Terning, J. and Thoma, U. and Thorne, R. S. and Tiator, L. and Titov, M. and Tkachenko, N. P. and T\"ornqvist, N. A. and Tovey, D. R. and Valencia, G. and Van de Water, R. and Varelas, N. and Venanzoni, G. and Verde, L. and Vincter, M. G. and Vogel, P. and Vogt, A. and Wakely, S. P. and Walkowiak, W. and Walter, C. W. and Wands, D. and Ward, D. R. and Wascko, M. O. and Weiglein, G. and Weinberg, D. H. and Weinberg, E. J. and White, M. and Wiencke, L. R. and Willocq, S. and Wohl, C. G. and Womersley, J. and Woody, C. L. and Workman, R. L. and Yao, W.-M. and Zeller, G. P. and Zenin, O. V. and Zhu, R.-Y. and Zhu, S.-L. and Zimmermann, F. and Zyla, P. A. and Anderson, J. and Fuller, L. and Lugovsky, V. S. and Schaffner, P.},
  collaboration = {Particle Data Group},
  journal = {Phys. Rev. D},
  volume = {98},
  issue = {3},
  pages = {030001},
  numpages = {1898},
  year = {2018},
  month = {Aug},
  publisher = {American Physical Society},
  doi = {10.1103/PhysRevD.98.030001},
  url = {https://link.aps.org/doi/10.1103/PhysRevD.98.030001}
}
@misc{tong,
  author        = {Tong, D.},
  title         = "{Lectures on Gauge Theory}",
  publisher={University of Cambridge},
  url = {http://www.damtp.cam.ac.uk/user/tong/gaugetheory.html}
}
@book{maggiore,
    author = "Maggiore, M.",
    title = "{A Modern introduction to quantum field theory}",
    month = "9",
    year = "2005"
}
@book{peskin,
    author = "Peskin, M E. and Schroeder, D. V.",
    title = "{An Introduction to quantum field theory}",
    isbn = "978-0-201-50397-5",
    publisher = "Addison-Wesley",
    address = "Reading, USA",
    year = "1995"
}
@book{greiner,
    author = "Greiner, W. and Schramm, S. and Stein, E.",
    title = "{Quantum chromodynamics}",
    month = "11",
    year = "2002"
}
@article{reldyn,
  title = "{Forms of Relativistic Dynamics}",
  author = {P. A. M. Dirac},
  journal = {Reviews of Modern Physics},
  volume = {21},
  issue = {3},
  pages = {392-399},
  numpages = {0},
  year = {1949},
  month = {July},
  publisher = {American Physical Society},
  doi = {10.1103/RevModPhys.21.392},
  url = {https://link.aps.org/doi/10.1103/RevModPhys.21.392}
}
@phdthesis{mantovani,
    author = "Mantovani, L.",
    title = "{Applications of Light-Front Quantization in QED and QCD}",
    school = "Universita' Di Pavia",
    year = "2018"
}
@article{heinzl,
    author = "Heinzl, T.",
    editor = "Latal, H. and Schweiger, W.",
    title = "{Light cone quantization: Foundations and applications}",
    eprint = "hep-th/0008096",
    archivePrefix = "arXiv",
    doi = "10.1007/3-540-45114-5\_2",
    journal = "Lect. Notes Phys.",
    volume = "572",
    pages = "55-142",
    year = "2001"
}
@article{qedimf,
    author = "Kogut, J. B. and Soper, D. E.",
    title = "{Quantum Electrodynamics in the Infinite Momentum Frame}",
    reportNumber = "SLAC-PUB-0680",
    doi = "10.1103/PhysRevD.1.2901",
    journal = "Phys. Rev. D",
    volume = "1",
    pages = "2901-2913",
    year = "1970"
}
@article{susskind,
  title = "{Model of Self-Induced Strong Interactions}",
  author = {Susskind, L.},
  journal = {Physical Review},
  volume = {165},
  issue = {5},
  pages = {1535-1546},
  year = {1968},
  month = {January},
  publisher = {American Physical Society},
  doi = {10.1103/PhysRev.165.1535},
  url = {https://link.aps.org/doi/10.1103/PhysRev.165.1535}
}
@Inbook{burkardt,
author={Burkardt, M.},
editor={J. W. Negele{,} E. Vogt},
title="{Light Front Quantization}",
bookTitle="Advances in Nuclear Physics",
year="2002",
publisher="Springer US",
address="Boston, MA",
pages="1-74",
isbn="978-0-306-47067-7",
doi="10.1007/0-306-47067-5_1",
url="https://doi.org/10.1007/0-306-47067-5_1"
}
@article{dirac,
  title = "{Generalized Hamiltonian dynamics}",
  author = {Dirac, P. A. M.},
  journal = {Canadian Journal of Mathematics},
  volume = {2},
  pages = {129-148},
  year = {1950},
  month = {January},
  publisher = {Canadian Mathematical Society},
  doi = {10.4153/CJM-1950-012-1},
}
@book{schwartz,
    author = "Schwartz, M. D.",
    title = "{Quantum Field Theory and the Standard Model}",
    isbn = "978-1-107-03473-0, 978-1-107-03473-0",
    publisher = "Cambridge University Press",
    month = "3",
    year = "2014"
}
@article{brodsky,
    author = "Brodsky, S. J. and Pauli, H. C and Pinsky, S. S.",
    title = "{Quantum chromodynamics and other field theories on the light cone}",
    eprint = "hep-ph/9705477",
    archivePrefix = "arXiv",
    reportNumber = "SLAC-PUB-7484, MPIH-V1-1997",
    doi = "10.1016/S0370-1573(97)00089-6",
    journal = "Phys. Rept.",
    volume = "301",
    pages = "299-486",
    year = "1998"
}
@article{venugopalanlc,
    author = "Venugopalan, R.",
    editor = "Cleymans, J. and Geyer, H.B. and Scholtz, F.G.",
    title = "{Introduction to light cone field theory and high-energy scattering}",
    eprint = "nucl-th/9808023",
    archivePrefix = "arXiv",
    reportNumber = "NBI-98-19",
    doi = "10.1007/BFb0107312",
    journal = "Lect. Notes Phys.",
    volume = "516",
    pages = "89",
    year = "1999"
}
@article{mclerven1,
  title = "{Computing quark and gluon distribution functions for very large nuclei}",
  author = {McLerran, L. and Venugopalan, R.},
  journal = {Phys. Rev. D},
  volume = {49},
  issue = {5},
  pages = {2233-2241},
  numpages = {0},
  year = {1994},
  month = {Mar},
  publisher = {American Physical Society},
  doi = {10.1103/PhysRevD.49.2233},
  url = {https://link.aps.org/doi/10.1103/PhysRevD.49.2233}
}
@article{mclerven2,
  title = "{Gluon distribution functions for very large nuclei at small transverse momentum}",
  author = {McLerran, L. and Venugopalan, R.},
  journal = {Phys. Rev. D},
  volume = {49},
  issue = {7},
  pages = {3352-3355},
  numpages = {0},
  year = {1994},
  month = {Apr},
  publisher = {American Physical Society},
  doi = {10.1103/PhysRevD.49.3352},
  url = {https://link.aps.org/doi/10.1103/PhysRevD.49.3352}
}
@article{mclerven3,
  title = "{Green's function in the color field of a large nucleus}",
  author = {McLerran, L. and Venugopalan, R.},
  journal = {Phys. Rev. D},
  volume = {50},
  issue = {3},
  pages = {2225-2233},
  numpages = {0},
  year = {1994},
  month = {Aug},
  publisher = {American Physical Society},
  doi = {10.1103/PhysRevD.50.2225},
  url = {https://link.aps.org/doi/10.1103/PhysRevD.50.2225}
}
@article{kovchegov,
  title = "{Non-Abelian Weizs\"acker-Williams field and a two-dimensional effective color charge density for a very large nucleus}",
  author = {Kovchegov, Y. V.},
  journal = {Phys. Rev. D},
  volume = {54},
  issue = {9},
  pages = {5463--5469},
  numpages = {0},
  year = {1996},
  month = {Nov},
  publisher = {American Physical Society},
  doi = {10.1103/PhysRevD.54.5463},
  url = {https://link.aps.org/doi/10.1103/PhysRevD.54.5463}
}
@article{iancunonlinear,
    author = "Iancu, E. and Leonidov, A. and McLerran, L.",
    title = "{Nonlinear gluon evolution in the color glass condensate: I}",
    eprint = "hep-ph/0011241",
    archivePrefix = "arXiv",
    reportNumber = "SACLAY-T00-166, BNL-NT-00-24",
    doi = "10.1016/S0375-9474(01)00642-X",
    journal = "Nucl. Phys. A",
    volume = "692",
    pages = "583-645",
    year = "2001"
}
@inproceedings{iancucgcintro,
    author = "Iancu, E. and Leonidov, A. and McLerran, L.",
    title = "{The Color glass condensate: An Introduction}",
    booktitle = "{Cargese Summer School on QCD Perspectives on Hot and Dense Matter}",
    eprint = "hep-ph/0202270",
    archivePrefix = "arXiv",
    reportNumber = "SACLAY-T02-024",
    pages = "73-145",
    month = "2",
    year = "2002"
}
@article{muellersmallx,
    author = "Mueller, A. H.",
    editor = "Ferreira, L.S. and Nogueira, Paulo and Silva-Marcos, J.I.",
    title = "{Small x physics, high parton densities and parton saturation in QCD}",
    eprint = "hep-ph/9911289",
    archivePrefix = "arXiv",
    reportNumber = "CU-TP-954",
    doi = "10.1007/978-94-011-4126-0\_2",
    journal = "NATO Sci. Ser. C",
    volume = "554",
    pages = "71-99",
    year = "2000"
}
@phdthesis{taels,
    author = "Taels, P.",
    title = "{Quantum Chromodynamics at small Bjorken-x}",
    eprint = "1711.03928",
    archivePrefix = "arXiv",
    primaryClass = "hep-ph",
    school = "Antwerp U.",
    year = "2017"
}
@phdthesis{iancuphysicsofcgc,
    author = "Iancu, E.",
    title = "{Physics of the Color Glass Condensate}",
    school = "Institut de Physique Theorique, Centre CEA de Saclay",
    year = "2005",
    url = "https://www.ipht.fr/Docspht//articles/t05/271/public/Iancu_HDR.pdf"
}
@article{jalilian,
    author = "Jalilian-Marian, J. and Kovner, A. and McLerran, L. and Weigert, H.",
    title = "{The Intrinsic glue distribution at very small-$x$}",
    eprint = "hep-ph/9606337",
    archivePrefix = "arXiv",
    reportNumber = "TPI-MINN-96-1429, NUC-MINN-96-10-T, TPI-MINN-96-08",
    doi = "10.1103/PhysRevD.55.5414",
    journal = "Phys. Rev. D",
    volume = "55",
    pages = "5414-5428",
    year = "1997"
}
@article{fukushima,
    author = "Fukushima, K.",
    title = "{Randomness in infinitesimal extent in the McLerran-Venugopalan model}",
    eprint = "0711.2364",
    archivePrefix = "arXiv",
    primaryClass = "hep-ph",
    reportNumber = "YITP-07-79",
    doi = "10.1103/PhysRevD.77.074005",
    journal = "Phys. Rev. D",
    volume = "77",
    pages = "074005",
    year = "2008"
}
@article{kovner1,
    author = "Kovner, A. and McLerran, L. and Weigert, H.",
    title = "{Gluon production from non-Abelian Weizsacker-Williams fields in nucleus-nucleus collisions}",
    eprint = "hep-ph/9502289",
    archivePrefix = "arXiv",
    reportNumber = "TPI-MINN-95-02-T, NUC-MINN-95-8-T, HEP-MINN-95-1327, TPI--MINN--95--02-T, NUC--MINN--95--8-T, HEP--MINN--95--1327",
    doi = "10.1103/PhysRevD.52.6231",
    journal = "Phys. Rev. D",
    volume = "52",
    pages = "6231-6237",
    year = "1995"
}
@article{kovner2,
    author = "Kovner, A. and McLerran, L. and Weigert, H.",
    title = "{Gluon production at high transverse momentum in the McLerran-Venugopalan model of nuclear structure functions}",
    eprint = "hep-ph/9505320",
    archivePrefix = "arXiv",
    reportNumber = "TPI-MINN-95-16-T, NUC-MINN-95-14-T, HEP-MINN-95-1346",
    doi = "10.1103/PhysRevD.52.3809",
    journal = "Phys. Rev. D",
    volume = "52",
    pages = "3809-3814",
    year = "1995"
}
@phdthesis{mcdonald,
    author = "McDonald, S.",
    title = "{The initial State of heavy ion collisions in the IP-Glasma framework}",
    school = "McGill University, Department of Physics",
    year = "2017",
    url = "https://escholarship.mcgill.ca/concern/theses/0g354h86b?locale=en"
}
@phdthesis{muller,
    author = "Müller, D.",
    title = "{Simulations of the Glasma in 3+1D}",
    eprint = "1904.04267",
    archivePrefix = "arXiv",
    primaryClass = "hep-ph",
    school = "TU Vienna",
    year = "2019"
}
@article{krasnitz,
    author = "Krasnitz, A. and Venugopalan, R.",
    title = "{Non-perturbative computation of gluon mini-jet production in nuclear collisions at very high-energies}",
    eprint = "hep-ph/9809433",
    archivePrefix = "arXiv",
    reportNumber = "NBI-98-21, UALG-TP-98-6",
    doi = "10.1016/S0550-3213(99)00366-1",
    journal = "Nucl. Phys. B",
    volume = "557",
    pages = "237",
    year = "1999"
}
@inbook{iancuven,
    author = "Iancu, E. and Venugopalan, R.",
    editor = "Hwa, Rudolph C. and Wang, Xin-Nian",
    title = "{The Color glass condensate and high-energy scattering in QCD}",
    booktitle = "{Quark-gluon plasma 4}",
    eprint = "hep-ph/0303204",
    archivePrefix = "arXiv",
    doi = "10.1142/9789812795533\_0005",
    pages = "249-3363",
    month = "3",
    year = "2003"
}
@article{lappiglasma,
    author = "Lappi, T.",
    title = "{Energy density of the glasma}",
    eprint = "hep-ph/0606207",
    archivePrefix = "arXiv",
    doi = "10.1016/j.physletb.2006.10.017",
    journal = "Phys. Lett. B",
    volume = "643",
    pages = "11-16",
    year = "2006"
}
@article{epelbaum,
    author = "Epelbaum, T. and Gelis, F.",
    editor = "Armesto, Nestor and McLerran, Larry and Pajares, Carlos and Salgado, Carlos",
    title = "{Isotropization of the Quark Gluon Plasma}",
    eprint = "1401.1666",
    archivePrefix = "arXiv",
    primaryClass = "hep-ph",
    doi = "10.1016/j.nuclphysa.2014.02.014",
    journal = "Nucl. Phys. A",
    volume = "926",
    pages = "122-127",
    year = "2014"
}
@article{kurkela1,
    author = "Kurkela, A. and Mazeliauskas, A. and Paquet, J.F. and Schlichting, S. and Teaney, D.",
    title = "{Effective kinetic description of event-by-event pre-equilibrium dynamics in high-energy heavy-ion collisions}",
    eprint = "1805.00961",
    archivePrefix = "arXiv",
    primaryClass = "hep-ph",
    doi = "10.1103/PhysRevC.99.034910",
    journal = "Phys. Rev. C",
    volume = "99",
    number = "3",
    pages = "034910",
    year = "2019"
}
@article{kurkela2,
    author = "Kurkela, A. and Mazeliauskas, A. and Paquet, J.F. and Schlichting, S. and Teaney, D.",
    title = "{Matching the Nonequilibrium Initial Stage of Heavy Ion Collisions to Hydrodynamics with QCD Kinetic Theory}",
    eprint = "1805.01604",
    archivePrefix = "arXiv",
    primaryClass = "hep-ph",
    doi = "10.1103/PhysRevLett.122.122302",
    journal = "Phys. Rev. Lett.",
    volume = "122",
    number = "12",
    pages = "122302",
    year = "2019"
}
@article{alqahtani,
    author = "Alqahtani, M. and Nopoush, M. and Strickland, M.",
    title = "{Relativistic anisotropic hydrodynamics}",
    eprint = "1712.03282",
    archivePrefix = "arXiv",
    primaryClass = "nucl-th",
    doi = "10.1016/j.ppnp.2018.05.004",
    journal = "Prog. Part. Nucl. Phys.",
    volume = "101",
    pages = "204-248",
    year = "2018"
}
@article{strickland,
    author = "Strickland, M.",
    editor = "Praszalowicz, Michal",
    title = "{Anisotropic Hydrodynamics: Three lectures}",
    eprint = "1410.5786",
    archivePrefix = "arXiv",
    primaryClass = "nucl-th",
    doi = "10.5506/APhysPolB.45.2355",
    journal = "Acta Phys. Polon. B",
    volume = "45",
    number = "12",
    pages = "2355-2394",
    year = "2014"
}
@book{romatschke,
    author = "Romatschke, P. and Romatschke, U.",
    title = "{Relativistic Fluid Dynamics In and Out of Equilibrium}",
    eprint = "1712.05815",
    archivePrefix = "arXiv",
    primaryClass = "nucl-th",
    doi = "10.1017/9781108651998",
    isbn = "978-1-108-48368-1, 978-1-108-75002-8",
    publisher = "Cambridge University Press",
    series = "Cambridge Monographs on Mathematical Physics",
    month = "5",
    year = "2019"
}
@article{gbw,
    author = "Golec-Biernat, K. and Wusthoff, M.",
    title = "{Saturation effects in deep inelastic scattering at low Q**2 and its implications on diffraction}",
    eprint = "hep-ph/9807513",
    archivePrefix = "arXiv",
    reportNumber = "DTP-98-50",
    doi = "10.1103/PhysRevD.59.014017",
    journal = "Phys. Rev. D",
    volume = "59",
    pages = "014017",
    year = "1998"
}
@article{albacete,
    author = "Albacete, J. and Marquet, C.",
    title = "{Gluon saturation and initial conditions for relativistic heavy ion collisions}",
    eprint = "1401.4866",
    archivePrefix = "arXiv",
    primaryClass = "hep-ph",
    doi = "10.1016/j.ppnp.2014.01.004",
    journal = "Prog. Part. Nucl. Phys.",
    volume = "76",
    pages = "1-42",
    year = "2014"
}
@article{lappidis,
    author = "Lappi, T.",
    title = "{Wilson line correlator in the MV model: Relating the glasma to deep inelastic scattering}",
    eprint = "0711.3039",
    archivePrefix = "arXiv",
    primaryClass = "hep-ph",
    doi = "10.1140/epjc/s10052-008-0588-4",
    journal = "Eur. Phys. J. C",
    volume = "55",
    pages = "285-292",
    year = "2008"
}
@article{bjorken,
    author = "Bjorken, J.D.",
    title = "{Highly Relativistic Nucleus-Nucleus Collisions: The Central Rapidity Region}",
    reportNumber = "FERMILAB-PUB-82-044-THY, FERMILAB-PUB-82-044-T",
    doi = "10.1103/PhysRevD.27.140",
    journal = "Phys. Rev. D",
    volume = "27",
    pages = "140-151",
    year = "1983"
}
@article{mcdonaldhydro,
    author = "McDonald, S. and Shen, C. and Fillion-Gourdeau, F. and Jeon, S. and Gale, C.",
    title = "{Hydrodynamic predictions for Pb+Pb collisions at 5.02 TeV}",
    eprint = "1609.02958",
    archivePrefix = "arXiv",
    primaryClass = "hep-ph",
    doi = "10.1103/PhysRevC.95.064913",
    journal = "Phys. Rev. C",
    volume = "95",
    number = "6",
    pages = "064913",
    year = "2017"
}
@article{kolb,
    author = "Kolb, P. and Heinz, U.",
    editor = "Hwa, R. and Wang, X.",
    title = "{Hydrodynamic description of ultrarelativistic heavy ion collisions}",
    eprint = "nucl-th/0305084",
    archivePrefix = "arXiv",
    reportNumber = "SUNY-NTG-03-06",
    pages = "634-714",
    month = "5",
    year = "2003"
}
@article{huovinen,
    author = "Huovinen, P.",
    editor = "Hwa, R. and Wang, X.",
    title = "{Hydrodynamical description of collective flow. Chapter 1.}",
    eprint = "nucl-th/0305064",
    archivePrefix = "arXiv",
    doi = "10.1142/9789812795533\_0009",
    pages = "600-633",
    month = "5",
    year = "2003"
}
@article{mcdolandflow,
    author = "McDonald, S. and Shen, C. and Fillion-Gourdeau, F. and Jeon, S. and Gale, C.",
    editor = "Qin, Guang-You and Wang, Xin-Nian and Wang, Ya-Ping and Zhang, Ben-Wei and Zhou, Dai-Cui",
    title = "{Pre-equilibrium Longitudinal Flow in the IP-Glasma Framework for Pb+Pb Collisions at the LHC}",
    eprint = "1704.07680",
    archivePrefix = "arXiv",
    primaryClass = "nucl-th",
    doi = "10.1016/j.nuclphysbps.2017.05.108",
    journal = "Nucl. Part. Phys. Proc.",
    volume = "289-290",
    pages = "461-464",
    year = "2017"
}
@article{cooperfryer,
  title = "{Single-particle distribution in the hydrodynamic and statistical thermodynamic models of multiparticle production}",
  author = {Cooper, F. and Frye, G.},
  journal = {Phys. Rev. D},
  volume = {10},
  issue = {1},
  pages = {186--189},
  numpages = {0},
  year = {1974},
  month = {Jul},
  publisher = {American Physical Society},
  doi = {10.1103/PhysRevD.10.186},
  url = {https://link.aps.org/doi/10.1103/PhysRevD.10.186}
}
@article{dusling,
    author = "Dusling, K. and Moore, G. and Teaney, D.",
    title = "{Radiative energy loss and v(2) spectra for viscous hydrodynamics}",
    eprint = "0909.0754",
    archivePrefix = "arXiv",
    primaryClass = "nucl-th",
    doi = "10.1103/PhysRevC.81.034907",
    journal = "Phys. Rev. C",
    volume = "81",
    pages = "034907",
    year = "2010"
}
@article{paquetbulk,
    author = "Paquet, J. and Shen, C. and Denicol, G. and Luzum, M. and Schenke, B. and Jeon, S. and Gale, C.",
    title = "{Production of photons in relativistic heavy-ion collisions}",
    eprint = "1509.06738",
    archivePrefix = "arXiv",
    primaryClass = "hep-ph",
    doi = "10.1103/PhysRevC.93.044906",
    journal = "Phys. Rev. C",
    volume = "93",
    number = "4",
    pages = "044906",
    year = "2016"
}
@article{bozek,
    author = "Bozek, P.",
    title = "{Bulk and shear viscosities of matter created in relativistic heavy-ion collisions}",
    eprint = "0911.2397",
    archivePrefix = "arXiv",
    primaryClass = "nucl-th",
    doi = "10.1103/PhysRevC.81.034909",
    journal = "Phys. Rev. C",
    volume = "81",
    pages = "034909",
    year = "2010"
}
@phdthesis{ryu,
    author = "Ryu, S.",
    title = "{Integrated description of heavy ion collisions at RHIC and the LHC}",
    school = "McGill University",
    year = "2016"
}
@article{kolbaz,
    author = "Kolb, P. and Sollfrank, J. and Heinz, U.",
    title = "{Anisotropic transverse flow and the quark hadron phase transition}",
    eprint = "hep-ph/0006129",
    archivePrefix = "arXiv",
    reportNumber = "CERN-TH-2000-161",
    doi = "10.1103/PhysRevC.62.054909",
    journal = "Phys. Rev. C",
    volume = "62",
    pages = "054909",
    year = "2000"
}
@article{schenkemusic1,
    author = "Schenke, B. and Jeon, S. and Gale, C.",
    title = "{(3+1)D hydrodynamic simulation of relativistic heavy-ion collisions}",
    eprint = "1004.1408",
    archivePrefix = "arXiv",
    primaryClass = "hep-ph",
    doi = "10.1103/PhysRevC.82.014903",
    journal = "Phys. Rev. C",
    volume = "82",
    pages = "014903",
    year = "2010"
}
@article{schenkemusic2,
    author = "Schenke, B. and Jeon, S. and Gale, C.",
    title = "{Elliptic and triangular flow in event-by-event (3+1)D viscous hydrodynamics}",
    eprint = "1009.3244",
    archivePrefix = "arXiv",
    primaryClass = "hep-ph",
    doi = "10.1103/PhysRevLett.106.042301",
    journal = "Phys. Rev. Lett.",
    volume = "106",
    pages = "042301",
    year = "2011"
}
@article{ryubulk,
    author = "Ryu, S. and Paquet, J. and Shen, C. and Denicol, G. and Schenke, B. and Jeon, S. and Gale, C.",
    title = "{Effects of bulk viscosity and hadronic rescattering in heavy ion collisions at energies available at the BNL Relativistic Heavy Ion Collider and at the CERN Large Hadron Collider}",
    eprint = "1704.04216",
    archivePrefix = "arXiv",
    primaryClass = "nucl-th",
    doi = "10.1103/PhysRevC.97.034910",
    journal = "Phys. Rev. C",
    volume = "97",
    number = "3",
    pages = "034910",
    year = "2018"
}
@article{qcdeos,
    author = "Huovinen, P. and Petreczky, P.",
    title = "{QCD Equation of State and Hadron Resonance Gas}",
    eprint = "0912.2541",
    archivePrefix = "arXiv",
    primaryClass = "hep-ph",
    doi = "10.1016/j.nuclphysa.2010.02.015",
    journal = "Nucl. Phys. A",
    volume = "837",
    pages = "26-53",
    year = "2010"
}
@article{ryuimpbulk,
    author = "Ryu, S. and Paquet, J. and Shen, C. and Denicol, G.S. and Schenke, B. and Jeon, S. and Gale, C.",
    title = "{Importance of the Bulk Viscosity of QCD in Ultrarelativistic Heavy-Ion Collisions}",
    eprint = "1502.01675",
    archivePrefix = "arXiv",
    primaryClass = "nucl-th",
    doi = "10.1103/PhysRevLett.115.132301",
    journal = "Phys. Rev. Lett.",
    volume = "115",
    number = "13",
    pages = "132301",
    year = "2015"
}
@article{schenkeflow,
    author = "Schenke, B. and Jeon, S. and Gale, C.",
    title = "{Higher flow harmonics from (3+1)D event-by-event viscous hydrodynamics}",
    eprint = "1109.6289",
    archivePrefix = "arXiv",
    primaryClass = "hep-ph",
    doi = "10.1103/PhysRevC.85.024901",
    journal = "Phys. Rev. C",
    volume = "85",
    pages = "024901",
    year = "2012"
}
@article{Adler:2003cb,
    author = "Adler, S. and others",
    collaboration = "PHENIX",
    title = "{Identified charged particle spectra and yields in Au+Au collisions at S(NN)**1/2 = 200-GeV}",
    eprint = "nucl-ex/0307022",
    archivePrefix = "arXiv",
    doi = "10.1103/PhysRevC.69.034909",
    journal = "Phys. Rev. C",
    volume = "69",
    pages = "034909",
    year = "2004"
}
@article{Adare:2011tg,
    author = "Adare, A. and others",
    collaboration = "PHENIX",
    title = "{Measurements of Higher-Order Flow Harmonics in Au+Au Collisions at $\sqrt{s_{NN}} = 200$ GeV}",
    eprint = "1105.3928",
    archivePrefix = "arXiv",
    primaryClass = "nucl-ex",
    doi = "10.1103/PhysRevLett.107.252301",
    journal = "Phys. Rev. Lett.",
    volume = "107",
    pages = "252301",
    year = "2011"
}
@article{Adams:2004bi,
    author = "Adams, J. and others",
    collaboration = "STAR",
    title = "{Azimuthal anisotropy in Au+Au collisions at $\sqrt{s_{NN}} = 200$ GeV}",
    eprint = "nucl-ex/0409033",
    archivePrefix = "arXiv",
    doi = "10.1103/PhysRevC.72.014904",
    journal = "Phys. Rev. C",
    volume = "72",
    pages = "014904",
    year = "2005"
}
@article{Abelev:2008ab,
    author = "Abelev, B. and others",
    collaboration = "STAR",
    title = "{Systematic Measurements of Identified Particle Spectra in $pp$, d+Au and Au+Au Collisions from STAR}",
    eprint = "0808.2041",
    archivePrefix = "arXiv",
    primaryClass = "nucl-ex",
    doi = "10.1103/PhysRevC.79.034909",
    journal = "Phys. Rev. C",
    volume = "79",
    pages = "034909",
    year = "2009"
}
@article{Abelev:2008ae,
    author = "Abelev, B. and others",
    collaboration = "STAR",
    title = "{Centrality dependence of charged hadron and strange hadron elliptic flow from $\sqrt{s_{NN}} = 200$ GeV Au + Au collisions}",
    eprint = "0801.3466",
    archivePrefix = "arXiv",
    primaryClass = "nucl-ex",
    doi = "10.1103/PhysRevC.77.054901",
    journal = "Phys. Rev. C",
    volume = "77",
    pages = "054901",
    year = "2008"
}
@misc{lappistages,
  author        = "{Lappi, T.}",
  title         = "{Initial stages of heavy ion collisions}",
  year          = {2018},
  publisher={ECT doctoral training program, QCD under extreme conditions},
  url = {https://indico.ectstar.eu/event/14/sessions/58/attachments/259/330/Lappi_dtp_notes.pdf}
}
@article{Gelis:2012ri,
    author = "Gelis, F.",
    title = "{Color Glass Condensate and Glasma}",
    eprint = "1211.3327",
    archivePrefix = "arXiv",
    primaryClass = "hep-ph",
    reportNumber = "IPHT-T12-121",
    doi = "10.1142/S0217751X13300019",
    journal = "Int. J. Mod. Phys. A",
    volume = "28",
    pages = "1330001",
    year = "2013"
}
@phdthesis{Oliinychenko:2017sfl,
    author = "Oliinychenko, Dmytro",
    title = "{Interfaces between relativistic hydrodynamics and transport for the dynamical description of heavy ion collisions}",
    reportNumber = "urn:nbn:de:hebis:30:3-444120, 415253233, GSI-2018-00651",
    school = "Frankfurt U.",
    month = "7",
    year = "2017"
}
@article{Wang:1991xy,
    author = "Wang, Xin-Nian and Gyulassy, Miklos",
    title = "{Gluon shadowing and jet quenching in A + A collisions at $\sqrt{s_{NN}} = 200$ GeV}",
    reportNumber = "DUKE-TH-91-25, LBL-31619",
    doi = "10.1103/PhysRevLett.68.1480",
    journal = "Phys. Rev. Lett.",
    volume = "68",
    pages = "1480-1483",
    year = "1992"
}
@article{Shuryak:2004cy,
    author = "Shuryak, Edward V.",
    editor = "Rischke, D. and Levin, G.",
    title = "{What RHIC experiments and theory tell us about properties of quark-gluon plasma?}",
    eprint = "hep-ph/0405066",
    archivePrefix = "arXiv",
    doi = "10.1016/j.nuclphysa.2004.10.022",
    journal = "Nucl. Phys. A",
    volume = "750",
    pages = "64-83",
    year = "2005"
}
@article{Bernhard:2016tnd,
    author = "Bernhard, J. and Moreland, J. and Bass, S. and Liu, J. and Heinz, U.",
    title = "{Applying Bayesian parameter estimation to relativistic heavy-ion collisions: simultaneous characterization of the initial state and quark-gluon plasma medium}",
    eprint = "1605.03954",
    archivePrefix = "arXiv",
    primaryClass = "nucl-th",
    doi = "10.1103/PhysRevC.94.024907",
    journal = "Phys. Rev. C",
    volume = "94",
    number = "2",
    pages = "024907",
    year = "2016"
}
@article{Devetak:2019lsk,
    author = "Devetak, D. and Dubla, A. and Floerchinger, S. and Grossi, E. and Masciocchi, S. and Mazeliauskas, A. and Selyuzhenkov, I.",
    title = "{Global fluid fits to identified particle transverse momentum spectra from heavy-ion collisions at the Large Hadron Collider}",
    eprint = "1909.10485",
    archivePrefix = "arXiv",
    primaryClass = "hep-ph",
    doi = "10.1007/JHEP06(2020)044",
    journal = "JHEP",
    volume = "06",
    pages = "044",
    year = "2020"
}
@misc{xq2diagrams,
    url = {https://www.ellipsix.net/blog/2014/02/what-s-in-a-proton.html}
}
@article{Abramowicz:2015mha,
    author = "Abramowicz, H. and others",
    collaboration = "H1, ZEUS",
    title = "{Combination of measurements of inclusive deep inelastic ${e^{\pm }p}$ scattering cross sections and QCD analysis of HERA data}",
    eprint = "1506.06042",
    archivePrefix = "arXiv",
    primaryClass = "hep-ex",
    reportNumber = "DESY-15-039",
    doi = "10.1140/epjc/s10052-015-3710-4",
    journal = "Eur. Phys. J. C",
    volume = "75",
    number = "12",
    pages = "580",
    year = "2015"
}
@article{Ferreiro:2001qy,
    author = "Ferreiro, E. and Iancu, E. and Leonidov, A. and McLerran, L.",
    title = "{Nonlinear gluon evolution in the color glass condensate II}",
    eprint = "hep-ph/0109115",
    archivePrefix = "arXiv",
    reportNumber = "SACLAY-T01-085, BNL-NT-01-21",
    doi = "10.1016/S0375-9474(01)01329-X",
    journal = "Nucl. Phys. A",
    volume = "703",
    pages = "489--538",
    year = "2002"
}
@article{JalilianMarian:1997dw,
    author = "Jalilian-Marian, J. and Kovner, A. and Weigert, H.",
    title = "{The Wilson renormalization group for low x physics: Gluon evolution at finite parton density}",
    eprint = "hep-ph/9709432",
    archivePrefix = "arXiv",
    reportNumber = "TPI-MINN-97-26, NUC-MINN-97-11-T, HEP-MINN-1607, OUTP-97-45-P, CAVENDISH-HEP-97-15",
    doi = "10.1103/PhysRevD.59.014015",
    journal = "Phys. Rev. D",
    volume = "59",
    pages = "014015",
    year = "1998"
}@mastersthesis{Jaiswal:2014lsa,
    author = "Jaiswal, A.",
    title = "{Formulation of relativistic dissipative fluid dynamics and its applications in heavy-ion collisions}",
    eprint = "1408.0867",
    archivePrefix = "arXiv",
    primaryClass = "nucl-th",
    type = "Other thesis",
    month = "8",
    year = "2014"
}
@mastersthesis{Song:2009gc,
    author = "Song, H.",
    title = "{Causal Viscous Hydrodynamics for Relativistic Heavy Ion Collisions}",
    eprint = "0908.3656",
    archivePrefix = "arXiv",
    primaryClass = "nucl-th",
    type = "Other thesis",
    month = "8",
    year = "2009"
}
@article{PhysRevD.85.114047,
  title = {Derivation of transient relativistic fluid dynamics from the Boltzmann equation},
  author = {Denicol, G. S. and Niemi, H. and Moln\'ar, E. and Rischke, D. H.},
  journal = {Phys. Rev. D},
  volume = {85},
  issue = {11},
  pages = {114047},
  numpages = {22},
  year = {2012},
  month = {Jun},
  publisher = {American Physical Society},
  doi = {10.1103/PhysRevD.85.114047},
  url = {https://link.aps.org/doi/10.1103/PhysRevD.85.114047}
}
@article{PhysRevD.89.074010,
  title = {Relative importance of second-order terms in relativistic dissipative fluid dynamics},
  author = {Moln\'ar, E. and Niemi, H. and Denicol, G. S. and Rischke, D. H.},
  journal = {Phys. Rev. D},
  volume = {89},
  issue = {7},
  pages = {074010},
  numpages = {30},
  year = {2014},
  month = {Apr},
  publisher = {American Physical Society},
  doi = {10.1103/PhysRevD.89.074010},
  url = {https://link.aps.org/doi/10.1103/PhysRevD.89.074010}
}
@article{PhysRevC.90.024912,
  title = {Transport coefficients of bulk viscous pressure in the 14-moment approximation},
  author = {Denicol, G. S. and Jeon, S. and Gale, C.},
  journal = {Phys. Rev. C},
  volume = {90},
  issue = {2},
  pages = {024912},
  numpages = {9},
  year = {2014},
  month = {Aug},
  publisher = {American Physical Society},
  doi = {10.1103/PhysRevC.90.024912},
  url = {https://link.aps.org/doi/10.1103/PhysRevC.90.024912}
}
